@inproceedings{zhang2014montage,
  title={Montage: Combine Frames with Movement Continuity for Realtime Multi-User Tracking},
  author={Zhang, Lan and Liu, Kebin and Jiang, Yonghang and Li, Xiang-Yang and Liu, Yunhao and Yang, Panlong},
  booktitle={Proceedings of the 33rd Annual IEEE International Conference on Computer Communications},
  year={2014},
  organization={IEEE}
}


@article{lowe2004distinctive,
  title={Distinctive image features from scale-invariant keypoints},
  author={Lowe, David G},
  journal={International journal of computer vision},
  volume={60},
  number={2},
  pages={91--110},
  year={2004},
  publisher={Springer}
}



@inproceedings{yang2012locating,
  title={Locating in fingerprint space: wireless indoor localization with little human intervention},
  author={Yang, Zheng and Wu, Chenshu and Liu, Yunhao},
  booktitle={Proceedings of the 18th annual international conference on Mobile computing and networking},
  pages={269--280},
  year={2012},
  organization={ACM}
}


@inproceedings{borriello2005walrus,
  title={WALRUS: wireless acoustic location with room-level resolution using ultrasound},
  author={Borriello, Gaetano and Liu, Alan and Offer, Tony and Palistrant, Christopher and Sharp, Richard},
  booktitle={Proceedings of the 3rd international conference on Mobile systems, applications, and services},
  pages={191--203},
  year={2005},
  organization={ACM}
}


@inproceedings{hazas2005relative,
  title={A relative positioning system for co-located mobile devices},
  author={Hazas, Mike and Kray, Christian and Gellersen, Hans and Agbota, Henoc and Kortuem, Gerd and Krohn, Albert},
  booktitle={Proceedings of the 3rd international conference on Mobile systems, applications, and services},
  pages={177--190},
  year={2005},
  organization={ACM}
}

@inproceedings{priyantha2000cricket,
  title={The cricket location-support system},
  author={Priyantha, Nissanka B and Chakraborty, Anit and Balakrishnan, Hari},
  booktitle={Proceedings of the 6th annual international conference on Mobile computing and networking},
  pages={32--43},
  year={2000},
  organization={ACM}
}



@inproceedings{prorok2011accommodation,
  title={Accommodation of NLOS for ultra-wideband TDOA localization in single-and multi-robot systems},
  author={Prorok, Amanda and Tom{\'e}, Phillip and Martinoli, Alcherio},
  booktitle={Indoor Positioning and Indoor Navigation},
  pages={1--9},
  year={2011},
  organization={IEEE}
}




@inproceedings{bahl2000radar,
  title={RADAR: An in-building RF-based user location and tracking system},
  author={Bahl, P. and Padmanabhan, V.N.},
  booktitle={IEEE INFOCOM},
  year={2000}
}

@article{youssef2008horus,
  title={The Horus location determination system},
  author={Youssef, M. and Agrawala, A.},
  journal={Wireless Networks},
  volume={14},
  number={3},
  pages={357--374},
  year={2008},
  publisher={Springer}
}

@article{varshavsky2007gsm,
  title={GSM indoor localization},
  author={Varshavsky, A. and de Lara, E. and Hightower, J. and LaMarca, A. and Otsason, V.},
  journal={Pervasive and Mobile Computing},
  volume={3},
  number={6},
  pages={698--720},
  year={2007},
  publisher={Elsevier}
}

@inproceedings{park2010growing,
  title={Growing an organic indoor location system},
  author={Park, J. and Charrow, B. and Curtis, D. and Battat, J. and Minkov, E. and Hicks, J. and Teller, S. and Ledlie, J.},
  booktitle={Proceedings of the 8th international conference on Mobile systems, applications, and services},
  pages={271--284},
  year={2010},
  organization={ACM}
}

@inproceedings{azizyan2009surroundsense,
  title={SurroundSense: mobile phone localization via ambience fingerprinting},
  author={Azizyan, M. and Constandache, I. and Roy Choudhury, R.},
  booktitle={Proceedings of the 15th annual international conference on Mobile computing and networking},
  pages={261--272},
  year={2009},
  organization={ACM}
}

@inproceedings{chintalapudi2010indoor,
  title={Indoor localization without the pain},
  author={Chintalapudi, K. and Padmanabha Iyer, A. and Padmanabhan, V.N.},
  booktitle={Proceedings of the sixteenth annual international conference on Mobile computing and networking},
  pages={173--184},
  year={2010},
  organization={ACM}
}

@inproceedings{tarzia2011indoor,
  title={Indoor localization without infrastructure using the acoustic background spectrum},
  author={Tarzia, S.P. and Dinda, P.A. and Dick, R.P. and Memik, G.},
  booktitle={Proceedings of the 9th international conference on Mobile systems, applications, and services},
  pages={155--168},
  year={2011},
  organization={ACM}
}

@inproceedings{chung2011indoor,
  title={Indoor location sensing using geo-magnetism},
  author={Chung, J. and Donahoe, M. and Schmandt, C. and Kim, I.J. and Razavai, P. and Wiseman, M.},
  booktitle={Proceedings of the 9th international conference on Mobile systems, applications, and services},
  pages={141--154},
  year={2011},
  organization={ACM}
}

@inproceedings{matic2010tuning,
  title={Tuning to your position: FM radio based indoor localization with spontaneous recalibration},
  author={Matic, A. and Papliatseyeu, A. and Osmani, V. and Mayora-Ibarra, O.},
  booktitle={Pervasive Computing and Communications},
  pages={153--161},
  year={2010},
  organization={IEEE}
}

@article{jin2010indoor,
  title={Indoor localization with channel impulse response based fingerprint and nonparametric regression},
  author={Jin, Y. and Soh, W.S. and Wong, W.C.},
  journal={IEEE Transactions on Wireless Communications},
  volume={9},
  number={3},
  pages={1120--1127},
  year={2010}
}

@inproceedings{banerjee2010virtual,
  title={Virtual compass: relative positioning to sense mobile social interactions},
  author={Banerjee, N. and Agarwal, S. and Bahl, P. and Chandra, R. and Wolman, A. and Corner, M.},
  booktitle={Proceedings of the 8th international conference on Pervasive Computing},
  pages={1--21},
  year={2010},
  organization={Springer-Verlag}
}

@INPROCEEDINGS{peng2007beepbeep,
    AUTHOR = "C Peng and G Shen and Y Zhang and Y Li and K Tan",
    TITLE = "Beepbeep: a high accuracy acoustic ranging system using cots mobile devices",
    BOOKTITLE = "Sensys 2007",
    YEAR = "2007"
    }

@inproceedings{qiu2011feasibility,
  title={On the feasibility of real-time phone-to-phone 3d localization},
  author={Qiu, J. and Chu, D. and Meng, X. and Moscibroda, T.},
  booktitle={Proceedings of the 9th ACM Conference on Embedded Networked Sensor Systems},
  pages={190--203},
  year={2011},
  organization={ACM}
}

@inproceedings{liu2012push,
  title={Push the limit of WiFi based localization for smartphones},
  author={Liu, H. and Gan, Y. and Yang, J. and Sidhom, S. and Wang, Y. and Chen, Y. and Ye, F.},
  booktitle={Proceedings of the 18th annual international conference on Mobile computing and networking},
  pages={305--316},
  year={2012},
  organization={ACM}
}

@article{Anat08,
author={Anat Levin and Rob Fergus and Fredo Durand and William T. Freeman},
title={Image and Depth from a Conventional Camera with a Coded Aperture},
year={2008},
}


@article{Adelson92,
author={Edward H. Adelson and John Y.A. Wang},
title={Single Lens Stereo with a Plenoptic Camera},
journal={IEEE Transactions on Pattern Analysis and Machine Intelligence 14(2): 99-106},
year={1992},
}

@article{Ferris95,
author={Ferris, S. H},
title={Motion parallax and absolute distance},
journal={Journal of experimental psychology, 95(2), 258--63},
year={1972},
}

@article{Shea94,
author={ O¡¯Shea, R. P. and  Blackburn,  S. G. and Ono, H. },
title={Contrast as a depth cue},
journal={Vision Research, 34, 1595-1604},
year={1994},
}

@article{Gillam88,
author={ Gillam,B. and Borsting, E },
title={The role of monocular regions in stereoscopic displays.},
journal={Perception, 17, 603-608.},
year={1988},
}

@inproceedings{gudmundsson2010large,
  title={A large-scale performance study of cluster-based high-dimensional indexing},
  author={Gudmundsson, Gylfi and Jonsson, Bjorn and Amsaleg, Laurent},
  booktitle={Proceedings of the international workshop on Very-large-scale multimedia corpus, mining and retrieval},
  pages={31--36},
  year={2010},
  organization={ACM}
}
@inproceedings{rachuri2011sociablesense,
  title={Sociablesense: exploring the trade-offs of adaptive sampling and computation offloading for social sensing},
  author={Rachuri, K.K. and Mascolo, C. and Musolesi, M. and Rentfrow, P.J.},
  booktitle={Proceedings of the 17th annual international conference on Mobile computing and networking},
  pages={73--84},
  year={2011},
  organization={ACM}
}

@inproceedings{Paul2001Rapid,
  title={Rapid Object Detection using a Boosted Cascade of Simple Features.},
  author={Paul Viola and Michael Jones.},
  booktitle={Conference on Computer Vision and Pattern Recognition},
  pages={511--518},
  year={2001}
}

@inproceedings{Shengcai2007Learning,
  title={Learning Multi-scale Block Local Binary Patterns for Face Recognition.},
  author={Shengcai Liao and Xiangxin Zhu and Zhen Lei and Lun Zhang and Stan Z. Li.},
  booktitle={International Conference on Biometrics},
  pages={828--837},
  year={2007}
}


@inproceedings{dalal2005histograms,
  title={Histograms of oriented gradients for human detection},
  author={Dalal, N. and Triggs, B.},
  booktitle={Computer Vision and Pattern Recognition},
  volume={1},
  pages={886--893},
  year={2005},
  organization={IEEE}
}

@inproceedings{iwan2000appear,
  title={Appearance-Based Place Recognition for Topological Localization},
  author={Iwan Ulrich and Illah Nourbakhsh},
  booktitle={International Conference on Robotics and Automation},
  pages={1023--1029},
  year={2000},
  organization={IEEE}
}
@inproceedings{pierre2001deriving,
  title={Deriving and matching image fingerprint sequences for mobile robot localization},
  author={Pierre Lamon and Illah R. Nourbakhsh and Bjorn Jensen and Roland Siegwart},
  booktitle={International Conference on Robotics and Automation},
  pages={1609--1614},
  year={2001},
  organization={IEEE}
}
@inproceedings{torsten2011fast,
  title={Fast Image-Based Localization using Direct 2D-to-3D Matching},
  author={Torsten Sattler, Bastian Leibe, Leif Kobbelt},
  booktitle={International Conference on Computer Vision},
  pages={667--674},
  year={2011},
  organization={IEEE}
}
@inproceedings{kosecka2003qual,
  title={Qualitative image based localization in indoors environments},
  author={Kosecka J. and Liang Zhou and Barber P. and Duric Z.},
  booktitle={Computer Vision and Pattern Recognition},
  volume={2},
  pages={II-3--II-8},
  year={2003},
  organization={IEEE}
}
@inproceedings{jason2013image,
  title={Image Based Localization in Indoor Environments},
  author={Jason Zhi Liang and Nicholas Corso and Eric Turner and Avideh Zakhor},
  booktitle={International Conference on Computing for Geospatial Research and Application},
  pages={70--75},
  year={2013},
  organization={IEEE}
}
@article{fischler1981random,
  title={Random sample consensus: a paradigm for model fitting with applications to image analysis and automated cartography},
  author={Fischler, Martin A and Bolles, Robert C},
  journal={Communications of the ACM},
  volume={24},
  number={6},
  pages={381--395},
  year={1981},
  publisher={ACM}
}
@incollection{bay2006surf,
  title={Surf: Speeded up robust features},
  author={Bay, Herbert and Tuytelaars, Tinne and Van Gool, Luc},
  booktitle={Computer Vision--ECCV 2006},
  pages={404--417},
  year={2006},
  publisher={Springer}
}
@inproceedings{kosecka2003qualitative,
  title={Qualitative image based localization in indoors environments},
  author={Kosecka, Jana and Zhou, Liang and Barber, Philip and Duric, Zoran},
  booktitle={Computer Vision and Pattern Recognition, 2003. Proceedings. 2003 IEEE Computer Society Conference on},
  volume={2},
  pages={II--3},
  year={2003},
  organization={IEEE}
}

@inproceedings{ulrich2000appearance,
  title={Appearance-based place recognition for topological localization},
  author={Ulrich, Iwan and Nourbakhsh, Illah},
  booktitle={Robotics and Automation, 2000. Proceedings. ICRA'00. IEEE International Conference on},
  volume={2},
  pages={1023--1029},
  year={2000},
  organization={Ieee}
}
@inproceedings{tian2014towards,
  title={Towards ubiquitous indoor localization service leveraging environmental physical features},
  author={Tian, Yang and Gao, Ruipeng and Bian, Kaigui and Ye, Fan and Wang, Tao and Wang, Yizhou and Li, Xiaoming},
  booktitle={INFOCOM, 2014 Proceedings IEEE},
  pages={55--63},
  year={2014},
  organization={IEEE}
}
@inproceedings{manweiler2012satellites,
  title={Satellites in our pockets: an object positioning system using smartphones},
  author={Manweiler, Justin Gregory and Jain, Puneet and Roy Choudhury, Romit},
  booktitle={Proceedings of the 10th international conference on Mobile systems, applications, and services},
  pages={211--224},
  year={2012},
  organization={ACM}
}
@inproceedings{yang2014tagoram,
  title={Tagoram: Real-time tracking of mobile RFID tags to high precision using COTS devices},
  author={Yang, Lei and Chen, Yekui and Li, Xiang-Yang and Xiao, Chaowei and Li, Mo and Liu, Yunhao},
  booktitle={Proceedings of the 20th annual international conference on Mobile computing and networking},
  pages={237--248},
  year={2014},
  organization={ACM}
}
